@inproceedings{roemmele2016writing:one,
  title={Writing Stories with Help from Recurrent Neural Networks.},
  author={Roemmele, Melissa and Intelligence, DDN},
  booktitle={AAAI},
  pages={4311--4342},
  year={2016}
}
@book{mckee2017professional:two,
  title={Professional Communication and Network Interaction: A Rhetorical and Ethical Approach},
  author={McKee, Heidi A and Porter, James E},
  year={2017},
  publisher={Routledge}
}
@inproceedings{nass1994computers:three,
  title={Computers are social actors},
  author={Nass, Clifford and Steuer, Jonathan and Tauber, Ellen R},
  booktitle={Proceedings of the SIGCHI conference on Human factors in computing systems},
  pages={72--78},
  year={1994},
  organization={ACM}
}
@inproceedings{tripp2011degrees:four,
  title={Degrees of Humanness in Technology: What Type of Trust Matters?},
  author={Tripp, John and McKnight, D Harrison and Lankton, Nancy K},
  booktitle={AMCIS},
  year={2011}
}
@misc{kamits:five,
  key =          {IPA},
  year  =        2017,
  title =        " Intelligent Personal Assistant-Products, Technologies and Market: 2017-2022",
  url =          " https://www.kamitis.com/IMG/pdf/ipa_-sample.pdf",
  lastaccessed = "May 27, 2018",
}
  

@inproceedings{cowan2017can:six,
  title={What can i help you with?: infrequent users' experiences of intelligent personal assistants},
  author={Cowan, Benjamin R and Pantidi, Nadia and Coyle, David and Morrissey, Kellie and Clarke, Peter and Al-Shehri, Sara and Earley, David and Bandeira, Natasha},
  booktitle={Proceedings of the 19th International Conference on Human-Computer Interaction with Mobile Devices and Services},
  pages={43},
  year={2017},
  organization={ACM}
}
@online{factor1:seven,
  key =          {Intelligent personal assistants},
  author={Factor},
  year  =        2016,
  title =        " Factor1: Voice Assistant Anyone? Yes please,but not in public!",
  url = " http://creativestrategies.com/voice-assistant-anyoneyes-please-but-not-in-public/ ",
  lastaccessed = "May 27 2018",
}

@inproceedings{aylett2014none:eight,
  title={None of a CHInd: relationship counselling for HCI and speech technology},
  author={Aylett, Matthew P and Kristensson, Per Ola and Whittaker, Steve and Vazquez-Alvarez, Yolanda},
  booktitle={CHI'14 Extended Abstracts on Human Factors in Computing Systems},
  pages={749--760},
  year={2014},
  organization={ACM}
}

@article{benbasat2005trust:nine,
  title={Trust in and adoption of online recommendation agents},
  author={Benbasat, Izak and Wang, Weiquan},
  journal={Journal of the association for information systems},
  volume={6},
  number={3},
  pages={4},
  year={2005}
}
@article{lippert2007personal:ten,
  title={Personal Data Collection via the Internet: The Role of Privacy Sensitivity and Technology Trust},
  author={Lippert, Susan K and Swiercz, Paul Michael},
  journal={Journal of International Technology and Information Management},
  volume={16},
  number={1},
  pages={2},
  year={2007}
}

@inproceedings{nothdurft2013bases:eleven,
  title={Bases of human-computer trust and explanations},
  author={Nothdurft, Florian and Lang, Helmut and Klepsch, Melina and Minker, Wolfgang},
  booktitle={CHI'13 Extended Abstracts on Human Factors in Computing Systems},
  pages={1737--1742},
  year={2013},
  organization={ACM}
}

@article{fine1996secrecy:twelve,
  title={Secrecy, trust, and dangerous leisure: Generating group cohesion in voluntary organizations},
  author={Fine, Gary Alan and Holyfield, Lori},
  journal={Social psychology quarterly},
  pages={22--38},
  year={1996},
  publisher={JSTOR}
}
@article{mcallister1995affect:thirteen,
  title={Affect-and cognition-based trust as foundations for interpersonal cooperation in organizations},
  author={McAllister, Daniel J},
  journal={Academy of management journal},
  volume={38},
  number={1},
  pages={24--59},
  year={1995},
  publisher={Academy of Management Briarcliff Manor, NY 10510}
}

@incollection{mcknight2001trust:fourteen,
  title={Trust and distrust definitions: One bite at a time},
  author={McKnight, D Harrison and Chervany, Norman L},
  booktitle={Trust in Cyber-societies},
  pages={27--54},
  year={2001},
  publisher={Springer}
}

@book{norman2004emotional:fifteen,
  title={Emotional design: Why we love (or hate) everyday things},
  author={Norman, Donald A},
  year={2004},
  publisher={Basic Civitas Books}
}

@article{kramer1999trust:sixteen,
  title={Trust and distrust in organizations: Emerging perspectives, enduring questions},
  author={Kramer, Roderick M},
  journal={Annual review of psychology},
  volume={50},
  number={1},
  pages={569--598},
  year={1999},
  publisher={Annual Reviews 4139 El Camino Way, PO Box 10139, Palo Alto, CA 94303-0139, USA}
}

@inproceedings{tislar2014emotions:seventeen,
  title={How Emotions Influence Trust in Online Transactions Using New Technology},
  author={Tislar, Catherine and Sterkenburg, Jason and Zhang, Wei and Jeon, Myounghoon},
  booktitle={Proceedings of the Human Factors and Ergonomics Society Annual Meeting},
  volume={58},
  number={1},
  pages={1531--1535},
  year={2014},
  organization={SAGE Publications Sage CA: Los Angeles, CA}
}
  @book{ekman2007emotions:eighteen,
  title={Emotions revealed: Recognizing faces and feelings to improve communication and emotional life},
  author={Ekman, Paul},
  year={2007},
  publisher={Macmillan}
}

@article{keltner2010emotion:nineteen,
  title={Emotion},
  author={Keltner, Dacher and Lerner, Jennifer S},
  journal={Handbook of social psychology},
  year={2010},
  publisher={Wiley Online Library}
}

@article{keltner2014sociocultural:twenty,
  title={The sociocultural appraisals, values, and emotions (SAVE) framework of prosociality: Core processes from gene to meme},
  author={Keltner, Dacher and Kogan, Aleksandr and Piff, Paul K and Saturn, Sarina R},
  journal={Annual review of psychology},
  volume={65},
  pages={425--460},
  year={2014},
  publisher={Annual Reviews}
}

@article{beaudry2010other:twentyone,
  title={The other side of acceptance: studying the direct and indirect effects of emotions on information technology use},
  author={Beaudry, Anne and Pinsonneault, Alain},
  journal={MIS quarterly},
  pages={689--710},
  year={2010},
  publisher={JSTOR}
}

@article{cristescu2008emotions:twentytwo,
  title={Emotions in human-computer interaction: the role of nonverbal behavior in interactive systems},
  author={Cristescu, Irina and others},
  journal={Revista Informatica Economic{\u{a}} nr},
  volume={2},
  number={46},
  pages={110--116},
  year={2008},
  publisher={Citeseer}
}

@article{fogg2002persuasive:twentythree,
  title={Persuasive technology: using computers to change what we think and do},
  author={Fogg, Brian J},
  journal={Ubiquity},
  volume={2002},
  number={December},
  pages={5},
  year={2002},
  publisher={ACM}
}

@inproceedings{ahmad2013engendering:twentyfour,
  title={Engendering trust through emotion in designing persuasive application},
  author={Ahmad, Wan Nooraishya Wan and Ali, Nazlena Mohamad},
  booktitle={International Visual Informatics Conference},
  pages={707--717},
  year={2013},
  organization={Springer}
}
@phdthesis{mcgraa2010effects:twentyfive,
  title={The effects of persuasive motivational text messaging on adherence to diet and exercise programs across different personality traits},
  author={McGraa, Karen Lee Kenny},
  year={2010},
  school={Fielding Graduate University}
}

@inproceedings{gulati2017modelling:twentysix,
  title={Modelling Trust: An Empirical Assessment},
  author={Gulati, Siddharth and Sousa, Sonia and Lamas, David},
  booktitle={IFIP Conference on Human-Computer Interaction},
  pages={40--61},
  year={2017},
  organization={Springer}
}

@incollection{pelet2013chromatic:twentyseven,
  title={Chromatic scales on our eyes: how user trust in a website can be altered by color via emotion},
  author={Pelet, Jean-Eric and Conway, Christopher M and Papadopoulou, Panagiota and Limayem, Moez},
  booktitle={Digital Enterprise Design and Management 2013},
  pages={111--121},
  year={2013},
  publisher={Springer}
}
@article{kang2012effect:twentyeight,
  title={The Effect of Culture on Emotions and Trust of Websites},
  author={Kang, Kyeong and Kovacevic, Lana},
  journal={Journal of Internet and e-Business Studies},
  volume={2012},
  pages={1},
  year={2012},
  publisher={IBIMA Publishing LLC}
}
@inproceedings{tislar2014emotions:twentynine,
  title={How Emotions Influence Trust in Online Transactions Using New Technology},
  author={Tislar, Catherine and Sterkenburg, Jason and Zhang, Wei and Jeon, Myounghoon},
  booktitle={Proceedings of the Human Factors and Ergonomics Society Annual Meeting},
  volume={58},
  number={1},
  pages={1531--1535},
  year={2014},
  organization={SAGE Publications Sage CA: Los Angeles, CA}
}
@inproceedings{bonnefon2009relation:thirty,
  title={Relation of trust and social emotions: A logical approach},
  author={Bonnefon, Jean-Fran{\c{c}}ois and Longin, Dominique and Nguyen, Manh-Hung},
  booktitle={Proceedings of the 2009 IEEE/WIC/ACM International Joint Conference on Web Intelligence and Intelligent Agent Technology-Volume 02},
  pages={289--292},
  year={2009},
  organization={IEEE Computer Society}
}
@article{pengnate2017experimental:thirtyone,
  title={An experimental investigation of the influence of website emotional design features on trust in unfamiliar online vendors},
  author={Pengnate, Supavich Fone and Sarathy, Rathindra},
  journal={Computers in Human Behavior},
  volume={67},
  pages={49--60},
  year={2017},
  publisher={Elsevier}
}
@misc{berg1995trust:thirtytwo,
  title={Trust, Reciprocity and Social History. Games and Economic Behaviour 1995; 10: 122--142},
  author={Berg, J and Dickhaut, J and McCabe, K},
  year={1995}
}
@article{camerer1988experimental:thritythree,
  title={Experimental tests of a sequential equilibrium reputation model},
  author={Camerer, Colin and Weigelt, Keith},
  journal={Econometrica: Journal of the Econometric Society},
  pages={1--36},
  year={1988},
  publisher={JSTOR}
}
@article{mccabe2003positive:thirtyfour,
  title={Positive reciprocity and intentions in trust games},
  author={McCabe, Kevin A and Rigdon, Mary L and Smith, Vernon L},
  journal={Journal of Economic Behavior \& Organization},
  volume={52},
  number={2},
  pages={267--275},
  year={2003},
  publisher={Elsevier}
}
@article{mccabe2000two:thirtyfive,
  title={A two person trust game played by naive and sophisticated subjects},
  author={McCabe, Kevin and Smith, Vernon},
  journal={Proceedings of the National Academy of Sciences},
  volume={97},
  number={7},
  pages={3777--3781},
  year={2000}
}
@article{scherer2005emotions:thirtysix,
  title={What are emotions? And how can they be measured?},
  author={Scherer, Klaus R},
  journal={Social science information},
  volume={44},
  number={4},
  pages={695--729},
  year={2005},
  publisher={Sage Publications Sage CA: Thousand Oaks, CA}
}

@article{scherer2013grid:thirtyseven,
  title={The GRID meets the Wheel: Assessing emotional feeling via self-report},
  author={Scherer, Klaus R and Shuman, Vera and Fontaine, Johnny and Soriano Salinas, Cristina},
  year={2013}
}

@article{ekman1984expression:thirtyeight,
  title={Expression and the nature of emotion},
  author={Ekman, Paul},
  journal={Approaches to emotion},
  volume={3},
  pages={19--344},
  year={1984}
}
@book{izard1991psychology:thirtynine,
  title={The psychology of emotions},
  author={Izard, Carroll E},
  year={1991},
  publisher={Springer Science \& Business Media}
}
@article{shaver1987emotion:fourty,
  title={Emotion knowledge: Further exploration of a prototype approach.},
  author={Shaver, Phillip and Schwartz, Judith and Kirson, Donald and O'connor, Cary},
  journal={Journal of personality and social psychology},
  volume={52},
  number={6},
  pages={1061},
  year={1987},
  publisher={American Psychological Association}
}

@article{schaefer2010assessing:foutyone,
  title={Assessing the effectiveness of a large database of emotion-eliciting films: A new tool for emotion researchers},
  author={Schaefer, Alexandre and Nils, Fr{\'e}d{\'e}ric and Sanchez, Xavier and Philippot, Pierre},
  journal={Cognition and Emotion},
  volume={24},
  number={7},
  pages={1153--1172},
  year={2010},
  publisher={Taylor \& Francis}
}
@incollection{maes1995agents:fourtytwo,
  title={Agents that reduce work and information overload},
  author={Maes, Pattie},
  booktitle={Readings in Human--Computer Interaction},
  pages={811--821},
  year={1995},
  publisher={Elsevier}
}
@article{yuksel2017brains:fourtythree,
  title={Brains or beauty: How to engender trust in user-agent interactions},
  author={Yuksel, Beste F and Collisson, Penny and Czerwinski, Mary},
  journal={ACM Transactions on Internet Technology (TOIT)},
  volume={17},
  number={1},
  pages={2},
  year={2017},
  publisher={ACM}
}
@article{jones1998experience:fourtyfour,
  title={The experience and evolution of trust: Implications for cooperation and teamwork},
  author={Jones, Gareth R and George, Jennifer M},
  journal={Academy of management review},
  volume={23},
  number={3},
  pages={531--546},
  year={1998},
  publisher={Academy of Management Briarcliff Manor, NY 10510}
}


